@misc{Java-doc,
    title={Java Technology},
    howpublished={Web pages: \url{http://www.oracle.com/technetwork/java/}},
    url={http://www.oracle.com/technetwork/java/}
}

@misc{Solr-doc,
	title={Apache Solr Technology},
	howpublished={Web pages: \url{https://lucene.apache.org/solr/guide/}},
	url={https://lucene.apache.org/solr/guide/}
}

@misc{oracle,
	title={Using Java Reflection},
	howpublished={Web pages: \url{https://www.oracle.com/technetwork/articles/java/javareflection-1536171.html}},
	url={https://www.oracle.com/technetwork/articles/java/javareflection-1536171.html},
	author={Glen McCluskey}
}
@misc{sb,
	title={Start Bootstrap project},
	howpublished={Web pages: \url{https://startbootstrap.com/}},
	url={https://startbootstrap.com/}
}

@misc{springb-docs,
	title={Spring Boot documentation},
	howpublished={Web pages: \url{https://docs.spring.io/}},
	url={https://docs.spring.io/spring-boot/docs/current/reference/htmlsingle/}
}

@misc{solrJ,
	title={SolrJ guide},
	howpublished={Web pages: \url{https://lucene.apache.org/solr/guide/7_5/using-solrj.html}},
	url={https://lucene.apache.org/solr/guide/7_5/using-solrj.html}
}

@book{JPA-hib,
	author={G. K. Christian Bauer, G. Gregory},
	title={Java Persistence with Hibernate, Second Edition},
	publisher={Manning},
	year={2015}
}

@book{solrbook,
	author={T. Potter, T. Grainger},
	title={Solr in Action},
	publisher={Manning},
	year={2014}
}

@book{springbook,
	author={C. Walls},
	title={Spring Boot in Action},
	publisher={Manning},
	year={2016}
}
